34100000      080252802295000113                    00775 000000017770 2AMA - ASSOCIACAO DE AMIGOS DO BANCO ITAU SA                           11706202620271500000000000000                                                                     
34100011C2031030 252802295000113                    00775 000000017770 2AMA - ASSOCIACAO DE AMIGOS DO                                                                       00000                                   00000000                    
3410001300001J00048190000030000515054597527830141114850000224MOPEN SERVICOS EM TEC E COMERC200620260000000002243700000000000000000000000000000001706202600000000022437000000000000000019243                                                     
3410001300002J000522052802295000113AMA - ASSOCIACAO DE AMIGOS DO AUTISTA   1000000669000192MOPEN SERVICOS EM TEC E COMERCIO EM INFO0000000000000000                                                                                             
34100015         000004000000000000224370000000000000000000                                                                                                                                                                                     
34199999         000001000006                                                                                                                                                                                                                   
