34100000      080252802295000113                    00775 000000017770 2AMA - ASSOCIACAO DE AMIGOS DO BANCO ITAU SA                           11706202620154000000000000000                                                                     
34100011C2047030 252802295000113                    00775 000000017770 2AMA - ASSOCIACAO DE AMIGOS DO                                                                       00000                                   00000000                    
3410001300001J00000000000000000000000000000000000000000000000CAIXA ECONOMICA FEDERAL - FGTS170620260000000037967480000000000000000000000000000001706202600000000379674800000000000000019639                                                     
3410001300002J000522052802295000113AMA - ASSOCIACAO DE AMIGOS DO AUTISTA   1000000000000000CAIXA ECONOMICA FEDERAL - FGTS          7ffff                                                                                                        
34100015         000004000000000003796748000000000000000000                                                                                                                                                                                     
34199999         000001000006                                                                                                                                                                                                                   
